@article{leppanen2017data,
  title={Data-Driven News Generation for Automated Journalism},
  author={Leppanen, Leo and et al.},
  journal={INLG Conference},
  year={2017}
}

@article{van_dijk2020,
  title={Artificial Intelligence and Journalism: New Challenges},
  author={Van Dijk, Teun},
  journal={AI and Society},
  year={2020}
}

@article{vaswani2017attention,
  title={Attention is All You Need},
  author={Vaswani, Ashish and et al.},
  journal={NeurIPS},
  year={2017}
}

@article{brown2020language,
  title={Language Models Are Few-Shot Learners},
  author={Brown, Tom and et al.},
  journal={NeurIPS},
  year={2020}
}

@article{scao2022bloom,
  title={BLOOM: A 176B Parameter Open-Access Multilingual Language Model},
  author={Scao, Teven and et al.},
  journal={arXiv preprint},
  year={2022}
}

@article{xue2021mt5,
  title={mT5: A Massively Multilingual Pre-trained Text-to-Text Transformer},
  author={Xue, Linting and et al.},
  journal={Journal of Machine Learning Research},
  year={2021}
}

@article{ulcar2021sloberta,
  title={SloBERTa: The Slovenian RoBERTa Model},
  author={Ulčar, Matej and Robnik-Šikonja, Marko},
  journal={arXiv preprint},
  year={2021}
}

@article{ulcar2022slot5,
  title={SloT5: Pretrained Text-to-Text Models for Slovenian},
  author={Ulčar, Matej and Robnik-Šikonja, Marko},
  journal={arXiv preprint},
  year={2022}
}

@article{zhang2022fine,
  title={Fine-tuning Strategies for Large Language Models},
  author={Zhang, Y. and et al.},
  journal={Journal of Artificial Intelligence Research},
  year={2022}
}

@article{reynolds2021prompt,
  title={Prompt Programming for Large Language Models},
  author={Reynolds, L. and McDonell, K.},
  journal={arXiv preprint},
  year={2021}
}

@article{schelter2019automated,
  title={Automated Event-Driven News Generation},
  author={Schelter, Sebastian and et al.},
  journal={Data Mining and Knowledge Discovery},
  year={2019}
}

@article{acl_anthology,
  title={Advances in Automated Journalism and Natural Language Generation},
  author={ACL Anthology},
  journal={ACL Conference},
  year={2023}
}

@article{arxiv_transformer,
  title={Transformer-Based Deep Learning for Natural Language Processing},
  author={Arxiv.org},
  journal={arXiv preprint},
  year={2022}
}

@article{arxiv_bias,
  title={Bias and Objectivity Challenges in AI-Generated News},
  author={Arxiv.org},
  journal={arXiv preprint},
  year={2023}
}




%%%%%%%%%%%%%%

@article{Demsar2016BalancedMixture,
    title = {{A Balanced Mixture of Antagonistic Pressures Promotes the Evolution of Parallel Movement}},
    year = {2016},
    journal = {Scientific Reports},
    author = {Dem{\v{s}}ar, Jure and {\v{S}}trumbelj, Erik and Lebar Bajec, Iztok},
    volume = {6},
    doi = {10.1038/srep39428}
}

@article{Demsar2017LinguisticEvolution,
    title = {{Evolution of Collective Behaviour in an Artificial World Using Linguistic Fuzzy Rule-Based Systems}},
    year = {2017},
    journal = {PLoS ONE},
    author = {Dem{\v{s}}ar, Jure and Lebar Bajec, Iztok},
    number = {1},
    pages = {1--20},
    volume = {12},
    doi = {10.1371/journal.pone.0168876}
}